@misc{PGN,
  title = {{Protable Game Notation}},
  howpublished = "\url{https://en.wikipedia.org/wiki/PortableGameNotation}",
  note = "[Online; Accessed 14-Nov-2019]"
}

@misc{Stockfish,
  title  = {{Stockfish}},
  howpublished = "\url{https://stockfishchess.org/}",
  note = "[Online; Accessed 14-Nov-2019]"
}

@misc{Elo,
  title  = {{Elo}},
  howpublished = "\url{https://en.wikipedia.org/wiki/Eloratingsystem}",
  note = "[Online; Accessed 14-Nov-2019]"
}

@misc{Lichess,
  title  = {{Lichess}},
  howpublished = "\url{https://lichess.org/}",
  note = "[Online; Accessed 14-Nov-2019]"
}

@misc{pythonchess,
  title  = {{python-chess}},
  howpublished = "\url{https://github.com/niklasf/python-chess}",
  note = "[Online; Accessed 14-Nov-2019]"
}

@misc{ECO,
  title  = {{ECO}},
  howpublished = "\url{https://en.wikipedia.org/wiki/Encyclopaedia_of_Chess_Openings}",
  note = "[Online; Accessed 14-Nov-2019]"
}

@misc{NAG,
  title  = {{NAG}},
  howpublished = "\url{https://en.wikipedia.org/wiki/Numeric_Annotation_Glyphs}",
  note = "[Online; Accessed 14-Nov-2019]"
}

@misc{KaggleFindingElo,
  title  = {{KaggleFindingElo}},
  howpublished = "\url{https://www.kaggle.com/c/finding-elo/}",
  note = "[Online; Accessed 14-Nov-2019]"
}

@misc{PredicteDiffBetweenElo,
  title  = {{Determining the Strength of Chess Players Based on Actual Play}},
  howpublished = "\url{https://pdfs.semanticscholar.org/f761/d248b256704d3a0a2645aa43895164c6fa14.pdf}",
  note = "[Online; Accessed 06-Dec-2019]"
}